@article{yuksel2007wave,
  title={Wave particles},
  author={Yuksel, Cem and House, Donald H and Keyser, John},
  journal={ACM Transactions on Graphics (TOG)},
  volume={26},
  number={3},
  pages={99--es},
  year={2007},
  publisher={ACM New York, NY, USA}
}
@article{jeschke2017water,
  title={Water wave packets},
  author={Jeschke, Stefan and Wojtan, Chris},
  journal={ACM Transactions on Graphics (TOG)},
  volume={36},
  number={4},
  pages={1--12},
  year={2017},
  publisher={ACM New York, NY, USA}
}